% This file was created with JabRef 2.9.2.
% Encoding: Cp1252

@MASTERSTHESIS{Idland2015,
  author = {Tor Kvestad Idland},
  title = {Marine Cybernetics Vessel {CS} {S}aucer: Design, construction and
	control},
  school = {Norwegian University of Science and Technology},
  year = {2015},
  owner = {andrdahl},
  timestamp = {2016.01.19}
}

@MASTERSTHESIS{Munz2015,
  author = {Jostein Munz},
  title = {Design and Implementation of Software for the {ROV} {N}eptunus},
  school = {Norwegian University of Science and Technology},
  year = {2015},
  owner = {andrdahl},
  timestamp = {2016.01.19}
}

@MASTERSTHESIS{Orsten2014,
  author = {Andreas Orsten},
  title = {Automatic Reliability-based Control of Iceberg Towing in Open Waters},
  school = {Norwegian University of Science and Technology},
  year = {2014},
  owner = {andrdahl},
  timestamp = {2016.01.19}
}

@CONFERENCE{OrstenNorgrenSkjetne2014,
  author = {Andreas Orsten and Petter Norgren and Roger Skjetne},
  title = {{LOS} guidance for towing an iceberg along a straight-line path},
  booktitle = {Proceedings of the 22nd IAHR International Symposium on ICE 2014
	(IAHR-ICE 2014)},
  year = {2014},
  owner = {andrdahl},
  timestamp = {2016.01.19}
}

@MASTERSTHESIS{Sandved2015,
  author = {Fredrik Sandved},
  title = {Remote Control and Automatic Path-following for {C/S} {E}nterprise
	{I} and {ROV} {N}eptunus},
  school = {Norwegian University of Science and Technology},
  year = {2015},
  owner = {andrdahl},
  timestamp = {2016.01.19}
}

@MISC{Skaatun2014,
  author = {Haa{\aa}kon N{\o}dset Sk{\aa}tun},
  title = {{CS} {E}nterprise {I}},
  howpublished = {Video},
  year = {2014},
  note = {http://www.youtube.com/watch?v=MiESJsIZO04},
  owner = {andrdahl},
  timestamp = {2016.01.19}
}

@MASTERSTHESIS{Skaatun2011,
  author = {Haa{\aa}kon N{\o}dset Sk{\aa}tun},
  title = {Development of a {DP} system for {CS} {E}nterprise {I} with {V}oith
	{S}chneider thrusters},
  school = {Norwegian University of Science and Technology},
  year = {2011},
  owner = {andrdahl},
  timestamp = {2016.01.19}
}

@MASTERSTHESIS{Tran2014,
  author = {Nam Dinh Tran},
  title = {Line-Of-Sight-based maneuvering control design, implementation, and
	experimental testing for the model ship {C/S} {E}nterprise {I}},
  school = {Norwegian University of Science and Technology},
  year = {2014},
  owner = {andrdahl},
  timestamp = {2016.01.19}
}

@MISC{Tran2013,
  author = {Nam Dinh Tran},
  title = {Development of a modularized control architecture for {CS} {E}nterprise
	{I} for path-following based on {LOS} and maneuvering theory},
  year = {2013},
  note = {Specialization project},
  owner = {andrdahl},
  timestamp = {2016.01.19}
}

@MASTERSTHESIS{Valle2015,
  author = {Eirik Valle},
  title = {Marine Telepresence System},
  school = {Norwegian University of Science and Technology},
  year = {2015},
  owner = {andrdahl},
  timestamp = {2016.01.19}
}

