@article{prosjekt,
  title={Sensor fusion for the CS Saucer},
  author={Solheim, Mathias Netland},
  year={2021}
}

@Article{lidar_fusion_review,
AUTHOR = {Debeunne, César and Vivet, Damien},
TITLE = {A Review of Visual-LiDAR Fusion based Simultaneous Localization and Mapping},
JOURNAL = {Sensors},
VOLUME = {20},
YEAR = {2020},
NUMBER = {7},
ARTICLE-NUMBER = {2068},
URL = {https://www.mdpi.com/1424-8220/20/7/2068},
ISSN = {1424-8220},
DOI = {10.3390/s20072068}
}

@article{situational_awareness,
  title={Situation Awareness in Remote Operation of Autonomous Ships},
  author={Ottesen, Are E},
  journal={Shore Control Center Guidelines Norway},
  year={2014}
}

@article{situational2,
    author = {Mica R. Endsley},
    title ={Design and Evaluation for Situation Awareness Enhancement},
    journal = {Proceedings of the Human Factors Society Annual Meeting},
    volume = {32},
    number = {2},
    pages = {97-101},
    year = {1988},
    doi = {10.1177/154193128803200221},
    URL = { https://doi.org/10.1177/154193128803200221}
}

@mastersthesis{jonma,
  title={Automatic control with risk contingencies for autonomous passenger ferry},
  author={Moen, Jon Magnus},
  year={2021},
  school={NTNU}
}

@mastersthesis{aasheim2021autonomous,
  title={Autonomous ship maneuvering with guaranteed safety},
  author={{\AA}sheim, Nora},
  year={2021},
  school={NTNU}
}

@book{camera,
    author = {Hartley, Richard and Zisserman, Andrew},
    title = {Multiple View Geometry in Computer Vision},
    publisher = {Cambridge University Press},
    year = 2015,
    edition = 2,
}

@article{zhang,
        author = {Zhang, Zhengyou},
        year = {2000},
        month = {12},
        pages = {1330 - 1334},
        title = {A Flexible New Technique for Camera Calibration},
        volume = {22},
        journal = {Pattern Analysis and Machine Intelligence, IEEE Transactions on},
        doi = {10.1109/34.888718}
} 

@inproceedings{Heikkil1997AFC,
  title={A four-step camera calibration procedure with implicit image correction},
  author={Heikkila, Janne and Silv{\'e}n, Olli},
  booktitle={Proceedings of IEEE computer society conference on computer vision and pattern recognition},
  pages={1106--1112},
  year={1997},
  organization={IEEE}
}

@online{pinhole,
        author = "HediVision",
        title = "Pinhole Camera Model",
        url = "https://hedivision.github.io/Pinhole.html",
        urldate = "2021-12-15"
}

@incollection{wang2003artificial,
  title={Artificial neural network},
  author={Wang, Sun-Chong},
  booktitle={Interdisciplinary computing in java programming},
  pages={81--100},
  year={2003},
  publisher={Springer}
}

@article{krizhevsky2012imagenet,
  title={Imagenet classification with deep convolutional neural networks},
  author={Krizhevsky, Alex and Sutskever, Ilya and Hinton, Geoffrey E},
  journal={Advances in neural information processing systems},
  volume={25},
  pages={1097--1105},
  year={2012}
}

@article{gu2018recent,
  title={Recent advances in convolutional neural networks},
  author={Gu, Jiuxiang and Wang, Zhenhua and Kuen, Jason and Ma, Lianyang and Shahroudy, Amir and Shuai, Bing and Liu, Ting and Wang, Xingxing and Wang, Gang and Cai, Jianfei and others},
  journal={Pattern Recognition},
  volume={77},
  pages={354--377},
  year={2018},
  publisher={Elsevier}
}

@incollection{lecun2012efficient,
  title={Efficient backprop},
  author={LeCun, Yann A and Bottou, L{\'e}on and Orr, Genevieve B and M{\"u}ller, Klaus-Robert},
  booktitle={Neural networks: Tricks of the trade},
  pages={9--48},
  year={2012},
  publisher={Springer}
}

@phdthesis{hamdan2018vhdl,
  title={VHDL auto-generation tool for optimized hardware acceleration of convolutional neural networks on FPGA (VGT)},
  author={Hamdan, Muhammad KA},
  year={2018},
  school={Iowa State University}
}

@misc{podareanu2019best,
  title={Best Practice Guide-Deep Learning},
  author={Podareanu, Damian and Codreanu, Valeriu and Sandra Aigner, TUM and van Leeuwen, Germany Caspar and Weinberg, Volker},
  year={2019},
  publisher={Feb}
}

@inproceedings{ferguson2017vgg16,
  title={Automatic localization of casting defects with convolutional neural networks},
  author={Ferguson, Max and Ak, Ronay and Lee, Yung-Tsun Tina and Law, Kincho H},
  booktitle={2017 IEEE international conference on big data (big data)},
  pages={1726--1735},
  year={2017},
  organization={IEEE}
}

@inproceedings{lin2017focal,
  title={Focal loss for dense object detection},
  author={Lin, Tsung-Yi and Goyal, Priya and Girshick, Ross and He, Kaiming and Doll{\'a}r, Piotr},
  booktitle={Proceedings of the IEEE international conference on computer vision},
  pages={2980--2988},
  year={2017}
}

@inproceedings{womg2018tiny,
  title={Tiny SSD: A tiny single-shot detection deep convolutional neural network for real-time embedded object detection},
  author={Womg, Alexander and Shafiee, Mohammad Javad and Li, Francis and Chwyl, Brendan},
  booktitle={2018 15th Conference on Computer and Robot Vision (CRV)},
  pages={95--101},
  year={2018},
  organization={IEEE}
}

@article{simonyan2014very,
  title={Very deep convolutional networks for large-scale image recognition},
  author={Simonyan, Karen and Zisserman, Andrew},
  journal={arXiv preprint arXiv:1409.1556},
  year={2014}
}

@inproceedings{ester1996density,
  title={A density-based algorithm for discovering clusters in large spatial databases with noise.},
  author={Ester, Martin and Kriegel, Hans-Peter and Sander, J{\"o}rg and Xu, Xiaowei and others},
  booktitle={kdd},
  volume={96},
  number={34},
  pages={226--231},
  year={1996}
}

@book{bishop2007,
  added-at = {2009-06-02T09:46:22.000+0200},
  asin = {0387310738},
  author = {Bishop, Christopher M.},
  biburl = {https://www.bibsonomy.org/bibtex/2d21de30a3a67c0f9f3c96bd6eec3267a/midtiby},
  dewey = {006.4},
  ean = {9780387310732},
  edition = 1,
  interhash = {f6fec2ccd82dec0dcd63825e301662cf},
  intrahash = {d21de30a3a67c0f9f3c96bd6eec3267a},
  isbn = {0387310738},
  keywords = {algorithms machinelearning patternrecognition statistics},
  publisher = {Springer},
  timestamp = {2009-06-02T15:22:29.000+0200},
  title = {Pattern Recognition and Machine Learning (Information Science and Statistics)},
  year = 2007
}

@inproceedings{zhang2004extrinsic,
  title={Extrinsic calibration of a camera and laser range finder (improves camera calibration)},
  author={Zhang, Qilong and Pless, Robert},
  booktitle={2004 IEEE/RSJ International Conference on Intelligent Robots and Systems (IROS)(IEEE Cat. No. 04CH37566)},
  volume={3},
  pages={2301--2306},
  year={2004},
  organization={IEEE}
}

@mastersthesis{solheim,
  author={Solheim, Mathias},
  title={Sensor Fusion between camera and lidar for C/S Saucer, Specialization project},
  year={2021},
  school={NTNU}
}

@masterthesis{solheim-master,
    author={Solheim, Mathias},
    title={Integration between camera- and lidar-based situational awareness with control barrier functions for an autonomous surface vessel},
    year={2022},
    school={NTNU}
}

@techreport{skjetne-maneuvering,
  author        = {Skjetne, Roger},
  title         = {Cascade backstepping-based maneuvering control design
                   for a low-speed fully-actuated ship},
  institution   = {NTNU},
  year          = {2021},
}

@techreport{marley-two-path-variable,
  author        = {Marley, Mathias},
  title         = {Technical Note: Maneuvering control design using two path variable, Rev B},
  institution   = {NTNU},
  year          = {2021},
}

@mastersthesis{ueland,
  title={Marine autonomous exploration using a lidar},
  author={Ueland, Einar Skiftestad},
  year={2016},
  school={NTNU}
}

@book{fossen_2021, 
    title = "Handbook of Marine Craft Hydrodynamics and Motion Control", 
    publisher = "John Wiley and Sons Ltd", 
    author = "Fossen, Thor I.", 
    year = 2021
}

@book{clustering, 
    title = "Cluster Analysis, 5th Edition", 
    publisher = "John Wiley and Sons Ltd", 
    author = "Everitt, Brian S and Landau, Sabine and Leese, Morven and Stahl Daniel",
    year = 2011
}

@article{millan2008thrust,
  title={Thrust allocation techniques for dynamically positioned vessels},
  author={Millan, James},
  journal={Laboratory Memorandum LM-2008-04, National Research Council, St. John’s, Newfoundland, Canada},
  year={2008}
}

@mastersthesis{sharoni2016marine,
  title={Marine Inverted Pendulum},
  author={Sharoni, Rotem},
  year={2016},
  school={NTNU}
}

@mastersthesis{idland2015marine,
  title={Marine cybernetics vessel cs saucer:-design, construction and control},
  author={Idland, Tor Kvestad},
  year={2015},
  school={NTNU}
}

@online{autoferry,
    author = "NTNU", 
    title = "Autonomous all-electric passenger ferries for ruban water transport (Autoferry)", 
    url = "https://www.ntnu.edu/autoferry", 
    urldate = "2021-12-14"      % This is the date we entered the page
}

@online{milliampere,
    author = "Zeabus",
    title = "NTNU and the 'milliampere ferries",
    url = "https://zeabuz.com/miliampere/",
    urldate = "2021-12-14"
}

@misc{calibration-repo,
        author = {ehong-tl},
        publisher = {GitHub},
        journal = {GitHub repository},
        url={https://github.com/ehong-tl/camera_2d_lidar_calibration},
        commit = {12c2440b8caa387c75becac922e769c1866d0f63},
        year={2019}
        }
        
@article{xu2005survey,
  title={Survey of clustering algorithms},
  author={Xu, Rui and Wunsch, Donald},
  journal={IEEE Transactions on neural networks},
  volume={16},
  number={3},
  pages={645--678},
  year={2005},
  publisher={Ieee}
}

@misc{4artit,
    title={Human detection ros node using 2d-lidar and tx2 onboard camera fusion},
    author={Kim, Dongnam},
    year={2018},
    url={https://github.com/4artit/human_detection_ros_node_using_2d-lidar_TX2-onboard-cam_fusion}
}

@online{mclab, 
    title={Marine cybernetics laboratory},
    author={NTNU},
    url={https://www.ntnu.edu/imt/lab/cybernetics},
    year={2022}
}

@misc{lecture-notes,
  author        = {Smogeli, Øyvind},
  title         = {'Module 1: Introduction to autonomy in marine applications', Lecture Notes, TMR06 - Autonomous Marine Systems},
  year          = {2021},
  publisher={Norwegian University of Science and Technology}
}

@article{steinhaus1956division,
  title={Sur la division des corps mat{\'e}riels en parties},
  author={Steinhaus, Hugo and others},
  journal={Bull. Acad. Polon. Sci},
  volume={1},
  number={804},
  pages={801},
  year={1956}
}

@book{hartigan1975clustering,
  title={Clustering algorithms},
  author={Hartigan, John A},
  year={1975},
  publisher={John Wiley \& Sons, Inc.}
}

@article{hartigan1979algorithm,
  title={Algorithm AS 136: A k-means clustering algorithm},
  author={Hartigan, John A and Wong, Manchek A},
  journal={Journal of the royal statistical society. series c (applied statistics)},
  volume={28},
  number={1},
  pages={100--108},
  year={1979},
  publisher={JSTOR}
}

@misc{roger-observer,
    title={Observer for simplified DP model: Design and proof},
    author={Værnø, Svenn Arne and Skjetne, Roger},
    year={2017}
}

@article{singh2013k,
  title={K-means with Three different Distance Metrics},
  author={Singh, Archana and Yadav, Avantika and Rana, Ajay},
  journal={International Journal of Computer Applications},
  volume={67},
  number={10},
  year={2013},
  publisher={Citeseer}
}

@article{forgy1965cluster,
  title={Cluster analysis of multivariate data: efficiency versus interpretability of classifications},
  author={Forgy, Edward W},
  journal={biometrics},
  volume={21},
  pages={768--769},
  year={1965}
}

@article{lloyd1982least,
  title={Least squares quantization in PCM},
  author={Lloyd, Stuart},
  journal={IEEE transactions on information theory},
  volume={28},
  number={2},
  pages={129--137},
  year={1982},
  publisher={IEEE}
}

@misc{object-detection,
    title={Realtime Object Detection},
    author={von Zitzewitz, Gustav},
    year={2018},
    url={https://github.com/gustavz/realtime_object_detection}
}

@article{gao2003complete,
  title={Complete solution classification for the perspective-three-point problem},
  author={Gao, Xiao-Shan and Hou, Xiao-Rong and Tang, Jianliang and Cheng, Hang-Fei},
  journal={IEEE transactions on pattern analysis and machine intelligence},
  volume={25},
  number={8},
  pages={930--943},
  year={2003},
  publisher={IEEE}
}
