% Encoding: UTF-8

@Misc{MathWorks2016,
  author = {MathWorks},
  title  = {Create Custom Messages from ROS Package},
  year   = {2016},
  note   = {Retrieved 10th of March 2016. http://se.mathworks.com/help/robotics/ug/create-custom-messages-from-ros-package.html},
}

@Misc{KumarRobotics2016,
  author = {KumarRobotics},
  title  = {KumarRobotics/qualisys source code},
  year   = {2016},
  note   = {Retrieved 10th of March 2016. https://github.com/KumarRobotics/qualisys},
}

@MastersThesis{Munz2015,
  author    = {Jostein Munz},
  title     = {Design and Implementation of Software for the {ROV} {N}eptunus},
  school    = {Norwegian University of Science and Technology},
  year      = {2015},
  owner     = {andrdahl},
  timestamp = {2016.01.19},
}

@MastersThesis{Idland2015,
  author    = {Tor Kvestad Idland},
  title     = {Marine Cybernetics Vessel {CS} {S}aucer: Design, construction and control},
  school    = {Norwegian University of Science and Technology},
  year      = {2015},
  owner     = {andrdahl},
  timestamp = {2016.01.19},
}

@MastersThesis{Valle2015,
  author    = {Eirik Valle},
  title     = {Marine Telepresence System},
  school    = {Norwegian University of Science and Technology},
  year      = {2015},
  owner     = {andrdahl},
  timestamp = {2016.01.19},
}

@Conference{LinderEnqvistFossenJohansenGustafsson2015,
  author    = {Jonas Linder and Martin Enqvist and Thor Inge Fossen and Tor Arne Johansen and Fredrik Gustafsson},
  title     = {Online Estimation of Ship's Mass and Center of Mass Using Inertial Measurements},
  booktitle = {10th Conference on Manoeuvring and Control of Marine Craft},
  year      = {2015},
  owner     = {andrdahl},
  timestamp = {2016.01.20},
}

@MastersThesis{Sandved2015,
  author    = {Fredrik Sandved},
  title     = {Remote Control and Automatic Path-following for {C/S} {E}nterprise {I} and {ROV} {N}eptunus},
  school    = {Norwegian University of Science and Technology},
  year      = {2015},
  owner     = {andrdahl},
  timestamp = {2016.01.19},
}

@Misc{Skaatun2014,
  author       = {Haa{\aa}kon N{\o}dset Sk{\aa}tun},
  title        = {{CS} {E}nterprise {I}},
  howpublished = {Video},
  year         = {2014},
  note         = {http://www.youtube.com/watch?v=MiESJsIZO04},
  owner        = {andrdahl},
  timestamp    = {2016.01.19},
}

@Conference{OrstenNorgrenSkjetne2014,
  author    = {Andreas Orsten and Petter Norgren and Roger Skjetne},
  title     = {{LOS} guidance for towing an iceberg along a straight-line path},
  booktitle = {Proceedings of the 22nd IAHR International Symposium on ICE 2014 (IAHR-ICE 2014)},
  year      = {2014},
  owner     = {andrdahl},
  timestamp = {2016.01.19},
}

@MastersThesis{Orsten2014,
  author    = {Andreas Orsten},
  title     = {Automatic Reliability-based Control of Iceberg Towing in Open Waters},
  school    = {Norwegian University of Science and Technology},
  year      = {2014},
  owner     = {andrdahl},
  timestamp = {2016.01.19},
}

@MastersThesis{Tran2014,
  author    = {Nam Dinh Tran},
  title     = {Line-Of-Sight-based maneuvering control design, implementation, and experimental testing for the model ship {C/S} {E}nterprise {I}},
  school    = {Norwegian University of Science and Technology},
  year      = {2014},
  owner     = {andrdahl},
  timestamp = {2016.01.19},
}

@Misc{FollestadSandvedValle2014,
  author    = {Jostein Follestad and Fredrik Sandved and Eirik Valle},
  title     = {Low cost ROV design, based on testing, simulations and analysis of {OpenROV}},
  year      = {2014},
  note      = {Specialization project},
  owner     = {andrdahl},
  timestamp = {2016.01.19},
}

@Misc{Tran2013,
  author    = {Nam Dinh Tran},
  title     = {Development of a modularized control architecture for {CS} {E}nterprise {I} for path-following based on {LOS} and maneuvering theory},
  year      = {2013},
  note      = {Specialization project},
  owner     = {andrdahl},
  timestamp = {2016.01.19},
}

@MastersThesis{Skaatun2011,
  author    = {Haa{\aa}kon N{\o}dset Sk{\aa}tun},
  title     = {Development of a {DP} system for {CS} {E}nterprise {I} with {V}oith {S}chneider thrusters},
  school    = {Norwegian University of Science and Technology},
  year      = {2011},
  owner     = {andrdahl},
  timestamp = {2016.01.19},
}

@MastersThesis{bjorne2016nonlinear,
  author = {Bj{\o}rne, Elias S},
  title  = {Nonlinear Adaptive Motion Control and Model-Error Analysis for Ships-Simulations and MCLab experiments},
  school = {NTNU},
  year   = {2016},
}

@TechReport{adis16470,
  author = {{Analog Devices}},
  title  = {ADIS16364 Data Sheet},
  year   = {2019},
  url    = {https://www.analog.com/media/en/technical-documentation/data-sheets/ADIS16470.pdf},
}

@MastersThesis{mykland2017,
  author = {Mykland, Alexander},
  title  = {Low-Cost Observer and Path-Following Adaptive Autopilot for Ships},
  school = {NTNU},
  year   = {2017},
}

@Comment{jabref-meta: databaseType:bibtex;}
